@book{Hinton:1984,
  title={Distributed representations},
  author={Hinton, Geoffrey E and McClelland, James L and Rumelhart, David E and others},
  year={1984},
  publisher={Carnegie-Mellon University Pittsburgh, PA}
}

@inproceedings{Mikolov:2013,
  title={Distributed representations of words and phrases and their compositionality},
  author={Mikolov, Tomas and Sutskever, Ilya and Chen, Kai and Corrado, Greg S and Dean, Jeff},
  booktitle={Advances in neural information processing systems},
  pages={3111--3119},
  year={2013}
}

@article{Bahdanau:2014,
  title={Neural machine translation by jointly learning to align and translate},
  author={Bahdanau, Dzmitry and Cho, Kyunghyun and Bengio, Yoshua},
  journal={arXiv preprint arXiv:1409.0473},
  year={2014}
}

@article{Luong:2015,
  title={Effective approaches to attention-based neural machine translation},
  author={Luong, Minh-Thang and Pham, Hieu and Manning, Christopher D},
  journal={arXiv preprint arXiv:1508.04025},
  year={2015}
}

@article{Wu:2016,
  title={Google's neural machine translation system: Bridging the gap between human and machine translation},
  author={Wu, Yonghui and Schuster, Mike and Chen, Zhifeng and Le, Quoc V and Norouzi, Mohammad and Macherey, Wolfgang and Krikun, Maxim and Cao, Yuan and Gao, Qin and Macherey, Klaus and others},
  journal={arXiv preprint arXiv:1609.08144},
  year={2016}
}

@article{Lipton:2016,
  title={The mythos of model interpretability},
  author={Lipton, Zachary C},
  journal={arXiv preprint arXiv:1606.03490},
  year={2016}
}

@article{Plate:1995,
  title={Holographic reduced representations},
  author={Plate, Tony A},
  journal={IEEE Transactions on Neural networks},
  volume={6},
  number={3},
  pages={623--641},
  year={1995},
  publisher={IEEE}
}

@article{Kanerva:2009,
  title={Hyperdimensional computing: An introduction to computing in distributed representation with high-dimensional random vectors},
  author={Kanerva, Pentti},
  journal={Cognitive computation},
  volume={1},
  number={2},
  pages={139--159},
  year={2009},
  publisher={Springer}
}

@article{Gayler:2004,
  title={Vector symbolic architectures answer Jackendoff's challenges for cognitive neuroscience},
  author={Gayler, Ross W},
  journal={arXiv preprint cs/0412059},
  year={2004}
}

@article{Sahlgren:2008,
  title={Permutations as a means to encode order in word space},
  author={Sahlgren, Magnus and Holst, Anders and Kanerva, Pentti},
  year={2008}
}

@article{Gayler:1998,
  title={Multiplicative binding, representation operators \& analogy (workshop poster)},
  author={Gayler, Ross W},
  year={1998}
}

@article{Gosmann:2019,
  title={Vector-derived transformation binding: An improved binding operation for deep symbol-like processing in neural networks},
  author={Gosmann, Jan and Eliasmith, Chris},
  journal={Neural computation},
  volume={31},
  number={5},
  pages={849--869},
  year={2019},
  publisher={MIT Press}
}

@article{Rachkovskij:2001,
  title={Binding and normalization of binary sparse distributed representations by context-dependent thinning},
  author={Rachkovskij, Dmitri A and Kussul, Ernst M},
  journal={Neural Computation},
  volume={13},
  number={2},
  pages={411--452},
  year={2001},
  publisher={MIT Press}
}

@article{Zador:2019,
  title={A critique of pure learning and what artificial neural networks can learn from animal brains},
  author={Zador, Anthony M},
  journal={Nature communications},
  volume={10},
  number={1},
  pages={1--7},
  year={2019},
  publisher={Nature Publishing Group}
}

@inproceedings{Zeiler:2014,
  title={Visualizing and understanding convolutional networks},
  author={Zeiler, Matthew D and Fergus, Rob},
  booktitle={European conference on computer vision},
  pages={818--833},
  year={2014},
  organization={Springer}
}

@article{Montavon:2018,
  title={Methods for interpreting and understanding deep neural networks},
  author={Montavon, Gr{\'e}goire and Samek, Wojciech and M{\"u}ller, Klaus-Robert},
  journal={Digital Signal Processing},
  volume={73},
  pages={1--15},
  year={2018},
  publisher={Elsevier}
}

@inproceedings{Kanerva:1994,
  title={The spatter code for encoding concepts at many levels},
  author={Kanerva, Pentti},
  booktitle={International Conference on Artificial Neural Networks},
  pages={226--229},
  year={1994},
  organization={Springer}
}

@article{Hopfield:1982,
  title={Neural networks and physical systems with emergent collective computational abilities},
  author={Hopfield, John J},
  journal={Proceedings of the national academy of sciences},
  volume={79},
  number={8},
  pages={2554--2558},
  year={1982},
  publisher={National Acad Sciences}
}

@inproceedings{Nickel:2016,
  title={Holographic embeddings of knowledge graphs},
  author={Nickel, Maximilian and Rosasco, Lorenzo and Poggio, Tomaso},
  booktitle={Thirtieth Aaai conference on artificial intelligence},
  year={2016}
}


@article{Bloom:1970,
  title={Space/time trade-offs in hash coding with allowable errors},
  author={Bloom, Burton H},
  journal={Communications of the ACM},
  volume={13},
  number={7},
  pages={422--426},
  year={1970},
  publisher={ACM}
}

@article{Anderson:1973,
  title={A theory for the recognition of items from short memorized lists.},
  author={Anderson, James A},
  journal={Psychological Review},
  volume={80},
  number={6},
  pages={417},
  year={1973},
  publisher={American Psychological Association}
}

@book{Plate:1994,
  title={Distributed representations and nested compositional structure},
  author={Plate, Tony A},
  year={1994},
  publisher={University of Toronto, Department of Computer Science}
}
